@article{denning1976lattice,
	title={A lattice model of secure information flow},
	author={Denning, Dorothy E},
	journal={Communications of the ACM},
	volume={19},
	number={5},
	pages={236--243},
	year={1976},
	publisher={ACM}
}

@article{denning1977if,
	author = {Denning, Dorothy E and Denning, Peter J},
	title = {Certification of programs for secure information flow},
	journal = {Communications of the ACM},
	volume = {20},
	number = {7},
	pages = {504-513},
	ISSN = {0001-0782},
	year = {1977},
	type = {Journal Article}
}

@article{sabelfeld2003if,
	author = {Sabelfeld, Andrei and Myers, Andrew C},
	title = {Language-based information-flow security},
	journal = {IEEE Journal on selected areas in communications},
	volume = {21},
	number = {1},
	pages = {5-19},
	ISSN = {0733-8716},
	year = {2003},
	type = {Journal Article}
}

@techreport{biba1977integrity,
	title={Integrity considerations for secure computer systems},
	author={Biba, Kenneth J},
	institution={MITRE Corp.},
	address={Bedford, MA},
	number={MTR-3153-REV-1},
	year={1977}
}

@inproceedings{clarkson2010confintegrity,
	title={Quantification of integrity},
	author={Clarkson, Michael R and Schneider, Fred B},
	booktitle={Computer Security Foundations Symposium (CSF), 2010 23rd IEEE},
	pages={28--43},
	year={2010},
	organization={IEEE}
}

@techreport{bell1973lattice,
	author={D. E. Bell and L. J. LaPadula},
	title={Secure Computer Systems: Mathematical Foundations},
	institution={MITRE Corp.},
	address={Bedford, MA},
	number={MTR-2547, Vol. 1},
	year={1973}
}

@techreport{bell1976lattice,
	title={Secure computer systems: Unified exposition and multics interpretation},
	author={Bell, D Elliott and La Padula, Leonard J},
	year={1976},
	number={MTR-2997 Rev. 1},
	institution={MITRE Corp.},
	address={Bedford, MA}
}

@article{ausanka2001accesscontrol,
	title={Methods for access control: advances and limitations},
	author={Ausanka-Crues, Ryan},
	journal={Harvey Mudd College},
	year={2001}
}

@article{sandhu1993lattice,
	title={Lattice-based access control models},
	author={Sandhu, Ravi S.},
	journal={IEEE Computer},
	volume={26},
	number={11},
	pages={9--19},
	year={1993},
	publisher={IEEE}
}

@article{sandhu1994access,
	title={Access control: principle and practice},
	author={Sandhu, Ravi S and Samarati, Pierangela},
	journal={IEEE communications magazine},
	volume={32},
	number={9},
	pages={40--48},
	year={1994},
	publisher={IEEE}
}

@inproceedings{jones1975highwatermark,
	author = {Jones, Anita K. and Lipton, Richard J.},
	title = {The Enforcement of Security Policies for Computation},
	booktitle = {Proceedings of the Fifth ACM Symposium on Operating Systems Principles},
	series = {SOSP '75},
	year = {1975},
	location = {Austin, Texas, USA},
	pages = {197--206},
	numpages = {10},
	doi = {10.1145/800213.806538},
	acmid = {806538},
	publisher = {ACM},
	address = {New York, NY, USA},
	keywords = {Completeness, High-water mark, Negative inference, Observability, Protection, Protection mechanism, Security, Security mechanism, Sound, Surveillance, Violation notice},
} 

@inproceedings{austin2009dynamicif,
	author = {Austin, Thomas H. and Flanagan, Cormac},
	title = {Efficient Purely-dynamic Information Flow Analysis},
	booktitle = {Proceedings of the ACM SIGPLAN Fourth Workshop on Programming Languages and Analysis for Security},
	series = {PLAS '09},
	year = {2009},
	isbn = {978-1-60558-645-8},
	location = {Dublin, Ireland},
	pages = {113--124},
	numpages = {12},
	doi = {10.1145/1554339.1554353},
	acmid = {1554353},
	publisher = {ACM},
	address = {New York, NY, USA},
	keywords = {dynamic analysis, information flow control},
} 