@misc{nvd:jdk2016cvss9,
	title = {NIST National Vulnerability Database - 2016 Critical Vulnerabilities in the JRE},
	author = {{National Institute of Standards and Technology, U.S. Department of Commerce}},
	year = {2017}
}

@misc{cvedetails:jdk2016,
	title = {CVEDetails: Oracle JRE Vulnerability Statistics},
	author = {{{\"O}}zkan, Serkan},
	year = {2017}
}

@article{ifbackground:sabelfeld,
	author = {Sabelfeld, Andrei and Myers, Andrew C},
	title = {Language-based information-flow security},
	journal = {IEEE Journal on selected areas in communications},
	volume = {21},
	number = {1},
	pages = {5-19},
	ISSN = {0733-8716},
	year = {2003},
	type = {Journal Article}
}

@article{ifbackground:sandhu,
	title={Lattice-based access control models},
	author={Sandhu, Ravi S.},
	journal={IEEE Computer},
	volume={26},
	number={11},
	pages={9--19},
	year={1993},
	publisher={IEEE}
}

@inproceedings{ifbackground:goguen,
	title={Security policies and security models},
	author={Goguen, Joseph A and Meseguer, Jos{\'e}},
	booktitle={1982 IEEE Symposium on Security and Privacy},
	pages={11--11},
	year={1982},
	organization={IEEE}
}

@article{ifbackground:denninghalting,
	author = {Denning, Dorothy E and Denning, Peter J},
	title = {Certification of programs for secure information flow},
	journal = {Communications of the ACM},
	volume = {20},
	number = {7},
	pages = {504-513},
	ISSN = {0001-0782},
	year = {1977},
	type = {Journal Article}
}

@article{work:myersdlm,
	title={Protecting privacy using the decentralized label model},
	author={Myers, Andrew C and Liskov, Barbara},
	journal={ACM Transactions on Software Engineering and Methodology (TOSEM)},
	volume={9},
	number={4},
	pages={410--442},
	year={2000},
	publisher={ACM}
}