@inbook{krutz2010cloudsec,
	publisher = {Wiley Pub., Inc.},
	year = {2010},
	booktitle = {Cloud Security: a Comprehensive Guide to Secure Cloud Computing},
	title = {Confidentiality, Integrity, Availability},
	author = {Krutz, Ronald L. and Vines, Russell Dean},
	pages = {63}
}

%%%%%%%%
%
% JavaSec
%
%%%%%%%%

@misc{javadesignprinciples,
	title={Design Goals of the {Java} Programming Language},
	author={{Sun Microsystems}},
	year={1997},
	howpublished={\url{http://www.oracle.com/technetwork/java/intro-141325.html}}
}

@book{mcgraw1999securingjava,
	title = {Securing Java},
	author = {McGraw, Gary and Felten, Edward},
	year = {1999},
	publisher = {John Wiley \& Sons, Inc.}
}

@book{lindholm2014java,
	title={The Java virtual machine specification},
	author={Lindholm, Tim and Yellin, Frank and Bracha, Gilad and Buckley, Alex},
	year={2014},
	publisher={Pearson Education}
}

@book{gosling2014java,
	author = {Gosling, James and Joy, Bill and Steele, Guy L. and Bracha, Gilad and Buckley, Alex},
	title = {The Java Language Specification, Java SE 8 Edition},
	year = {2014},
	isbn = {013390069X, 9780133900699},
	edition = {1st},
	publisher = {Addison-Wesley Professional},
} 

@book{gong2003javasecurity,
	author = {Gong, Li and Ellison, Gary},
	title = {Inside Java(TM) 2 Platform Security: Architecture, API Design, and Implementation},
	year = {2003},
	isbn = {0201787911},
	edition = {2nd},
	publisher = {Pearson Education},
}

%%%%%%%%
%
% IF
%
%%%%%%%%

@article{denning1977certification,
	title={Certification of programs for secure information flow},
	author={Denning, Dorothy E and Denning, Peter J},
	journal={Communications of the ACM},
	volume={20},
	number={7},
	pages={504--513},
	year={1977},
	publisher={ACM}
}

@techreport{bell1973lattice,
	author={D. E. Bell and L. J. LaPadula},
	title={Secure Computer Systems: Mathematical Foundations},
	institution={MITRE Corp.},
	address={Bedford, MA},
	number={MTR-2547, Vol. 1},
	year={1973}
}

@article{sandhu1993lattice,
	title={Lattice-based access control models},
	author={Sandhu, Ravi S.},
	journal={IEEE Computer},
	volume={26},
	number={11},
	pages={9--19},
	year={1993},
	publisher={IEEE}
}

@inproceedings{jones1975highwatermark,
	author = {Jones, Anita K. and Lipton, Richard J.},
	title = {The Enforcement of Security Policies for Computation},
	booktitle = {Proceedings of the Fifth ACM Symposium on Operating Systems Principles},
	series = {SOSP '75},
	year = {1975},
	location = {Austin, Texas, USA},
	pages = {197--206},
	numpages = {10},
	doi = {10.1145/800213.806538},
	acmid = {806538},
	publisher = {ACM},
	address = {New York, NY, USA},
	keywords = {Completeness, High-water mark, Negative inference, Observability, Protection, Protection mechanism, Security, Security mechanism, Sound, Surveillance, Violation notice},
} 

@article{sabelfeld2003if,
	author = {Sabelfeld, Andrei and Myers, Andrew C},
	title = {Language-based information-flow security},
	journal = {IEEE Journal on selected areas in communications},
	volume = {21},
	number = {1},
	pages = {5-19},
	ISSN = {0733-8716},
	year = {2003},
	type = {Journal Article}
}

@article{cohen1977declassification,
	author = {Cohen, Ellis},
	title = {Information Transmission in Computational Systems},
	journal = {SIGOPS Oper. Syst. Rev.},
	issue_date = {November 1977},
	volume = {11},
	number = {5},
	month = nov,
	year = {1977},
	issn = {0163-5980},
	pages = {133--139},
	numpages = {7},
	doi = {10.1145/1067625.806556},
	acmid = {806556},
	publisher = {ACM},
	address = {New York, NY, USA},
} 

%%%%%%%%
%
% JIF
%
%%%%%%%%

@inproceedings{myers1999jflow,
  title={JFlow: Practical Mostly-Static Information Flow Control},
  author={Myers, Andrew C},
  booktitle={Proceedings of the 26th ACM SIGPLAN-SIGACT symposium on Principles of programming languages},
  pages={228--241},
  year={1999},
  organization={ACM}
}

@article{myers2000dlm,
	title={Protecting privacy using the decentralized label model},
	author={Myers, Andrew C and Liskov, Barbara},
	journal={ACM Transactions on Software Engineering and Methodology (TOSEM)},
	volume={9},
	number={4},
	pages={410--442},
	year={2000},
	publisher={ACM}
}

@misc{jifwebsite,
	title={{Java Information Flow} Homepage},
	author={Myers, Andrew C and Arden, Owen and Liu, Jed and Magrino, Tom},
	year={2016},
	howpublished={\url{http://www.cs.cornell.edu/jif/}}
}

@misc{jpmailpage,
	title={JPmail: An Email Client with Information-flow Control},
	author={Hicks, Boniface and King, Dave and McDaniel, Patrick and Ahmadizadeh, Kiyan},
	year={2006},
	howpublished={\url{An Email Client with Information-flow Control}}
}


@inproceedings{hicks2007jifclipse,
	title={Jifclipse: development tools for security-typed languages},
	author={Hicks, Boniface and King, Dave and McDaniel, Patrick},
	booktitle={Proceedings of the 2007 workshop on Programming languages and analysis for security},
	pages={1--10},
	year={2007},
	organization={ACM}
}

%%%%%%%%
%
% Paragon
%
%%%%%%%%

@inproceedings{broberg2013paragon,
	title={Paragon for Practical Programming with Information-Flow Control},
	author={Broberg, Niklas and van Delft, Bart and Sands, David},
	booktitle={APLAS},
	volume={8301},
	pages={217--232},
	year={2013},
	organization={Springer}
}

@article{polikarpova2016lifty,
	author    = {Nadia Polikarpova and
	Jean Yang and
	Shachar Itzhaky and
	Armando Solar{-}Lezama},
	title     = {Type-Driven Repair for Information Flow Security},
	journal   = {Computing Research Repository (CoRR)},
	volume    = {abs/1607.03445},
	year      = {2016},
	url       = {http://arxiv.org/abs/1607.03445},
	timestamp = {Wed, 07 Jun 2017 14:40:50 +0200},
	biburl    = {http://dblp.uni-trier.de/rec/bib/journals/corr/PolikarpovaYIS16},
	bibsource = {dblp computer science bibliography, http://dblp.org}
}

@inproceedings{agrawal2016edas_conf,
	title={Runtime verification of k-safety hyperproperties in HyperLTL},
	author={Agrawal, Shreya and Bonakdarpour, Borzoo},
	booktitle={IEEE 29th Computer Security Foundations Symposium (CSF)},
	pages={239--252},
	year={2016},
	organization={IEEE}
}